<record><leader>03507cam a2200493 i 4500</leader><controlfield tag="001">6756429</controlfield><controlfield tag="003">OCoLC</controlfield><controlfield tag="005">20141117085153.0</controlfield><controlfield tag="008">140317t20152015enk      b    001 0 eng  </controlfield><datafield ind1=" " ind2=" " tag="010"><subfield code="a">  2014008118</subfield></datafield><datafield ind1=" " ind2=" " tag="015"><subfield code="a">GBB488157</subfield><subfield code="2">bnb</subfield></datafield><datafield ind1="7" ind2=" " tag="016"><subfield code="a">016830656</subfield><subfield code="2">Uk</subfield></datafield><datafield ind1=" " ind2=" " tag="020"><subfield code="a">9781848722149 (hardback)</subfield></datafield><datafield ind1=" " ind2=" " tag="020"><subfield code="a">1848722141 (hardback)</subfield></datafield><datafield ind1=" " ind2=" " tag="020"><subfield code="a">9781848722156 (paperback)</subfield></datafield><datafield ind1=" " ind2=" " tag="020"><subfield code="a">184872215X (paperback)</subfield></datafield><datafield ind1=" " ind2=" " tag="020"><subfield code="z">9781315774046 (e-book)</subfield></datafield><datafield ind1=" " ind2=" " tag="035"><subfield code="a">ocn892702879</subfield></datafield><datafield ind1=" " ind2=" " tag="040"><subfield code="a">DLC</subfield><subfield code="b">eng</subfield><subfield code="e">rda</subfield><subfield code="c">STF</subfield><subfield code="d">UAB</subfield></datafield><datafield ind1=" " ind2=" " tag="042"><subfield code="a">pcc</subfield></datafield><datafield ind1="0" ind2="0" tag="050"><subfield code="a">BF315</subfield><subfield code="b">.P28937 2015</subfield></datafield><datafield ind1="0" ind2="0" tag="082"><subfield code="a">150.19</subfield><subfield code="2">23</subfield></datafield><datafield ind1=" " ind2=" " tag="084"><subfield code="a">PSY026000</subfield><subfield code="a">PSY031000</subfield><subfield code="2">bisacsh</subfield></datafield><datafield ind1=" " ind2=" " tag="090"><subfield code="a">BF 315 P28937 2015</subfield><subfield code="b">AEU</subfield></datafield><datafield ind1="1" ind2=" " tag="100"><subfield code="a">Parker, Ian,</subfield><subfield code="d">1956-</subfield><subfield code="e">author.</subfield></datafield><datafield ind1="1" ind2="0" tag="245"><subfield code="a">Psychology after the unconscious :</subfield><subfield code="b">from Freud to Lacan /</subfield><subfield code="c">Ian Parker.</subfield></datafield><datafield ind1=" " ind2="1" tag="264"><subfield code="a">London :</subfield><subfield code="b">Routledge, Taylor &amp; Francis Group,</subfield><subfield code="c">2015.</subfield></datafield><datafield ind1=" " ind2="4" tag="264"><subfield code="c">&#169;2015</subfield></datafield><datafield ind1=" " ind2=" " tag="300"><subfield code="a">xi, 127 pages ;</subfield><subfield code="c">23 cm.</subfield></datafield><datafield ind1=" " ind2=" " tag="336"><subfield code="a">text</subfield><subfield code="2">rdacontent</subfield></datafield><datafield ind1=" " ind2=" " tag="337"><subfield code="a">unmediated</subfield><subfield code="2">rdamedia</subfield></datafield><datafield ind1=" " ind2=" " tag="338"><subfield code="a">volume</subfield><subfield code="2">rdacarrier</subfield></datafield><datafield ind1="1" ind2=" " tag="490"><subfield code="a">Psychology after critique</subfield></datafield><datafield ind1=" " ind2=" " tag="504"><subfield code="a">Includes bibliographical references (pages 116-122) and index.</subfield></datafield><datafield ind1=" " ind2=" " tag="520"><subfield code="a">"Ian Parker has been a leading light in the fields of critical and discursive psychology for over 25 years. The Psychology After Critique series brings together for the first time his most important papers. Each volume in the series has been prepared by Ian Parker and presents a newly written introduction and focused overview of a key topic area. Psychology After the Unconscious is the fifth volume in the series and addresses three central questions: - Why is Freud's concept of the unconscious important today? - Does language itself play a role in the creation of the unconscious? - How does Lacan radicalize Freud's notion of the unconscious in relation to cultural research? The book provides a clear explanation of Freudian and Lacanian accounts of the unconscious. It also highlights their role in offering a new way of describing, understanding and working with the human subject in clinical settings and in cultural research. Part One shows how the unconscious is elaborated in Freud's early case studies in Studies on Hysteria, while Part Two focuses on Lacan's re-working of the unconscious and its relationship to language and culture in his influential public seminars. The book also provides access to key debates currently occurring in Freudian and Lacanian psychoanalysis, exploring both the clinical dimension and the consequences for psychological and cultural research. Psychology After the Unconscious is essential reading for students and researchers in psychology, psychosocial studies, sociology, social anthropology and cultural studies, and to psychoanalysts of different traditions engaged in academic research. It will also introduce key ideas and debates within critical psychology to undergraduates and postgraduate students across the social sciences"--</subfield><subfield code="c">Provided by publisher.</subfield></datafield><datafield ind1=" " ind2=" " tag="596"><subfield code="a">16 43</subfield></datafield><datafield ind1="1" ind2="0" tag="600"><subfield code="a">Lacan, Jacques,</subfield><subfield code="d">1901-1981.</subfield></datafield><datafield ind1="1" ind2="0" tag="600"><subfield code="a">Freud, Sigmund,</subfield><subfield code="d">1856-1939.</subfield></datafield><datafield ind1=" " ind2="0" tag="650"><subfield code="a">Subconsciousness.</subfield></datafield><datafield ind1=" " ind2="0" tag="650"><subfield code="a">Psychoanalysis.</subfield></datafield><datafield ind1=" " ind2="0" tag="830"><subfield code="a">Psychology after critique.</subfield></datafield><datafield ind1=" " ind2=" " tag="949"><subfield code="a">BF 315 P28937 2015</subfield><subfield code="c">1</subfield><subfield code="h">UAHS-B</subfield><subfield code="i">0162035191327</subfield></datafield><datafield ind1=" " ind2=" " tag="926"><subfield code="a">BF 315 P28937 2015</subfield><subfield code="w">LC</subfield><subfield code="c">1</subfield><subfield code="i">0162035191327</subfield><subfield code="d">1/8/2016</subfield><subfield code="e">11/26/2015</subfield><subfield code="l">ON_SHELF</subfield><subfield code="m">UAHSS</subfield><subfield code="n">1</subfield><subfield code="p">$150.00</subfield><subfield code="r">Y</subfield><subfield code="s">Y</subfield><subfield code="t">BOOK</subfield><subfield code="u">12/9/2014</subfield></datafield><datafield ind1=" " ind2=" " tag="926"><subfield code="a">BF 315 P28937 2015</subfield><subfield code="w">LC</subfield><subfield code="c">1</subfield><subfield code="i">0162035192242</subfield><subfield code="l">ON_SHELF</subfield><subfield code="m">UAAUG</subfield><subfield code="p">$150.00</subfield><subfield code="r">Y</subfield><subfield code="s">Y</subfield><subfield code="t">BOOK</subfield><subfield code="u">12/11/2014</subfield></datafield></record>